<record><leader>00000cas a22000007a 4500</leader><controlfield tag="001">9320367</controlfield><controlfield tag="008">830318d18571872cauwr ne      0    0eng  </controlfield><datafield ind1=" " ind2=" " tag="010"><subfield code="a">sn 82016424 </subfield></datafield><datafield ind1=" " ind2=" " tag="040"><subfield code="a">DLC</subfield><subfield code="b">eng</subfield><subfield code="c">DLC</subfield><subfield code="d">NPX</subfield><subfield code="d">DLC</subfield><subfield code="d">CNK</subfield><subfield code="d">OCL</subfield><subfield code="d">OCLCQ</subfield><subfield code="d">OCLCF</subfield><subfield code="d">OCLCO</subfield></datafield><datafield ind1=" " ind2=" " tag="042"><subfield code="a">msc</subfield></datafield><datafield ind1=" " ind2=" " tag="043"><subfield code="a">n-us-ca</subfield></datafield><datafield ind1="0" ind2="0" tag="050"><subfield code="a">Newspaper 7114-X</subfield></datafield><datafield ind1="0" ind2=" " tag="130"><subfield code="a">Napa County reporter (Napa, Calif. : 1857)</subfield></datafield><datafield ind1="1" ind2="4" tag="245"><subfield code="a">The Napa County reporter.</subfield></datafield><datafield ind1="1" ind2="3" tag="246"><subfield code="a">Napa reporter</subfield></datafield><datafield ind1="1" ind2="3" tag="246"><subfield code="a">Napa weekly reporter</subfield></datafield><datafield ind1=" " ind2=" " tag="260"><subfield code="a">Napa City, Calif. :</subfield><subfield code="b">Montgomery &amp; Cox,</subfield><subfield code="c">-1872.</subfield></datafield><datafield ind1=" " ind2=" " tag="300"><subfield code="a">v. :</subfield><subfield code="b">ill. (chiefly advertisements) ;</subfield><subfield code="c">62 cm.</subfield></datafield><datafield ind1=" " ind2=" " tag="310"><subfield code="a">Weekly</subfield></datafield><datafield ind1="1" ind2=" " tag="362"><subfield code="a">Began in 1857.</subfield></datafield><datafield ind1="0" ind2=" " tag="362"><subfield code="a">-v. 8, no. 3 (July 25, 1863) ; new ser., v. 1, no. 1 (Aug. 1, 1863) = whole no. 367-v. 17, no. 21 (Nov. 23, 1872).</subfield></datafield><datafield ind1=" " ind2=" " tag="500"><subfield code="a">Sometimes published as: Napa weekly reporter. Cf. Gregory, W. Amer. newspapers.</subfield></datafield><datafield ind1=" " ind2=" " tag="500"><subfield code="a">"Democratic."</subfield></datafield><datafield ind1=" " ind2=" " tag="500"><subfield code="a">Editors: R.T. Montgomery, M.D. Brownson, 1858-&lt;1860&gt;; Lank Higgins, &lt;1867-1868&gt;; C.A. Menefee, R.T. Montgomery, &lt;1872&gt;.</subfield></datafield><datafield ind1=" " ind2=" " tag="500"><subfield code="a">Publishers: Montgomery &amp; Cox, 1857-1858; Montgomery &amp; Brownson, 1858-1860; Montgomery, Brownson &amp; Parry, 1860-1861; Montgomery, Brownson &amp; Harrell, 1861-&lt;1862&gt;; M.D. Brownson, &lt;1862&gt;; Lank Higgins &amp; Co., &lt;1865&gt;-1867; Lank Higgins, 1867-&lt;1868&gt;; Montgomery &amp; Menefee, &lt;1872&gt;; C.A. Menefee, 1872; Menefee &amp; Utting, 1872.</subfield></datafield><datafield ind1=" " ind2=" " tag="500"><subfield code="a">Issue for Jan. 13, 1857 printed in red ink to commemorate the passing of the comet.</subfield></datafield><datafield ind1=" " ind2=" " tag="588"><subfield code="a">Description based on: Vol. 1, no. 30 (Feb. 1, 1857).</subfield></datafield><datafield ind1=" " ind2="0" tag="651"><subfield code="a">Napa County (Calif.)</subfield><subfield code="v">Newspapers.</subfield></datafield><datafield ind1=" " ind2="7" tag="655"><subfield code="a">Newspapers.</subfield><subfield code="2">fast</subfield><subfield code="0">(OCoLC)fst01423814</subfield></datafield><datafield ind1=" " ind2="7" tag="651"><subfield code="a">California</subfield><subfield code="z">Napa County.</subfield><subfield code="2">fast</subfield><subfield code="0">(OCoLC)fst01206424</subfield></datafield><datafield ind1=" " ind2=" " tag="752"><subfield code="a">United States</subfield><subfield code="b">California</subfield><subfield code="c">Napa</subfield><subfield code="d">Napa.</subfield></datafield><datafield ind1="0" ind2=" " tag="775"><subfield code="t">Daily evening reporter (Napa, Calif.)</subfield><subfield code="w">(DLC)sn 93051517</subfield></datafield><datafield ind1="0" ind2="0" tag="780"><subfield code="t">Napa County weekly reporter</subfield><subfield code="w">(DLC)sn 85025010</subfield></datafield><datafield ind1="0" ind2="0" tag="785"><subfield code="t">Napa reporter (Napa, Calif. : 1872)</subfield><subfield code="w">(DLC)sn 85025012</subfield></datafield></record>